[
    {
        "forecast_date": "2024-01-01",
        "actual_sales": 100,
        "forecasted_sales": 0,
        "mae": 100,
        "mape": 100.0
    },
    {
        "forecast_date": "2024-01-02",
        "actual_sales": 0,
        "forecasted_sales": 0,
        "mae": 0,
        "mape": 0
    },
    {
        "forecast_date": "2024-01-03",
        "actual_sales": 0,
        "forecasted_sales": 0,
        "mae": 0,
        "mape": 0
    },
    {
        "forecast_date": "2024-01-04",
        "actual_sales": 0,
        "forecasted_sales": 0,
        "mae": 0,
        "mape": 0
    },
    {
        "forecast_date": "2024-01-05",
        "actual_sales": 0,
        "forecasted_sales": 0,
        "mae": 0,
        "mape": 0
    },
    {
        "forecast_date": "2024-01-06",
        "actual_sales": 0,
        "forecasted_sales": 0,
        "mae": 0,
        "mape": 0
    },
    {
        "forecast_date": "2024-01-07",
        "actual_sales": 0,
        "forecasted_sales": 0,
        "mae": 0,
        "mape": 0
    },
    {
        "forecast_date": "2024-01-08",
        "actual_sales": 0,
        "forecasted_sales": 0,
        "mae": 0,
        "mape": 0
    },
    {
        "forecast_date": "2024-01-09",
        "actual_sales": 0,
        "forecasted_sales": 0,
        "mae": 0,
        "mape": 0
    },
    {
        "forecast_date": "2024-01-10",
        "actual_sales": 0,
        "forecasted_sales": 0,
        "mae": 0,
        "mape": 0
    },
    {
        "forecast_date": "2024-01-11",
        "actual_sales": 0,
        "forecasted_sales": 0,
        "mae": 0,
        "mape": 0
    },
    {
        "forecast_date": "2024-01-12",
        "actual_sales": 0,
        "forecasted_sales": 0,
        "mae": 0,
        "mape": 0
    },
    {
        "forecast_date": "2024-01-13",
        "actual_sales": 0,
        "forecasted_sales": 0,
        "mae": 0,
        "mape": 0
    },
    {
        "forecast_date": "2024-01-14",
        "actual_sales": 0,
        "forecasted_sales": 0,
        "mae": 0,
        "mape": 0
    },
    {
        "forecast_date": "2024-01-15",
        "actual_sales": 0,
        "forecasted_sales": 0,
        "mae": 0,
        "mape": 0
    },
    {
        "forecast_date": "2024-01-16",
        "actual_sales": 0,
        "forecasted_sales": 0,
        "mae": 0,
        "mape": 0
    },
    {
        "forecast_date": "2024-01-17",
        "actual_sales": 0,
        "forecasted_sales": 0,
        "mae": 0,
        "mape": 0
    },
    {
        "forecast_date": "2024-01-18",
        "actual_sales": 0,
        "forecasted_sales": 0,
        "mae": 0,
        "mape": 0
    },
    {
        "forecast_date": "2024-01-19",
        "actual_sales": 0,
        "forecasted_sales": 0,
        "mae": 0,
        "mape": 0
    },
    {
        "forecast_date": "2024-01-20",
        "actual_sales": 0,
        "forecasted_sales": 0,
        "mae": 0,
        "mape": 0
    },
    {
        "forecast_date": "2024-01-21",
        "actual_sales": 0,
        "forecasted_sales": 0,
        "mae": 0,
        "mape": 0
    },
    {
        "forecast_date": "2024-01-22",
        "actual_sales": 0,
        "forecasted_sales": 0,
        "mae": 0,
        "mape": 0
    },
    {
        "forecast_date": "2024-01-23",
        "actual_sales": 0,
        "forecasted_sales": 0,
        "mae": 0,
        "mape": 0
    },
    {
        "forecast_date": "2024-01-24",
        "actual_sales": 0,
        "forecasted_sales": 0,
        "mae": 0,
        "mape": 0
    },
    {
        "forecast_date": "2024-01-25",
        "actual_sales": 0,
        "forecasted_sales": 0,
        "mae": 0,
        "mape": 0
    },
    {
        "forecast_date": "2024-01-26",
        "actual_sales": 0,
        "forecasted_sales": 0,
        "mae": 0,
        "mape": 0
    },
    {
        "forecast_date": "2024-01-27",
        "actual_sales": 0,
        "forecasted_sales": 0,
        "mae": 0,
        "mape": 0
    },
    {
        "forecast_date": "2024-01-28",
        "actual_sales": 0,
        "forecasted_sales": 0,
        "mae": 0,
        "mape": 0
    },
    {
        "forecast_date": "2024-01-29",
        "actual_sales": 0,
        "forecasted_sales": 0,
        "mae": 0,
        "mape": 0
    },
    {
        "forecast_date": "2024-01-30",
        "actual_sales": 0,
        "forecasted_sales": 0,
        "mae": 0,
        "mape": 0
    },
    {
        "forecast_date": "2024-01-31",
        "actual_sales": 0,
        "forecasted_sales": 116.07384757615026,
        "mae": 116.07384757615026,
        "mape": 0
    },
    {
        "forecast_date": "2024-02-01",
        "actual_sales": 0,
        "forecasted_sales": 104.62756524013683,
        "mae": 104.62756524013683,
        "mape": 0
    },
    {
        "forecast_date": "2024-02-02",
        "actual_sales": 120,
        "forecasted_sales": 180.12208303162814,
        "mae": 60.12208303162814,
        "mape": 50.10173585969011
    },
    {
        "forecast_date": "2024-02-03",
        "actual_sales": 143,
        "forecasted_sales": 162.42878863440367,
        "mae": 19.428788634403674,
        "mape": 13.586565478603967
    },
    {
        "forecast_date": "2024-02-04",
        "actual_sales": 166,
        "forecasted_sales": 106.63923745995113,
        "mae": 59.36076254004887,
        "mape": 35.75949550605353
    },
    {
        "forecast_date": "2024-02-05",
        "actual_sales": 105,
        "forecasted_sales": 124.43721389608203,
        "mae": 19.437213896082028,
        "mape": 18.511632281982884
    },
    {
        "forecast_date": "2024-02-06",
        "actual_sales": 123,
        "forecasted_sales": 101.18009307079976,
        "mae": 21.819906929200243,
        "mape": 17.739761731057108
    },
    {
        "forecast_date": "2024-02-07",
        "actual_sales": 96,
        "forecasted_sales": 124.96771189366768,
        "mae": 28.967711893667683,
        "mape": 30.17469988923717
    },
    {
        "forecast_date": "2024-02-08",
        "actual_sales": 104,
        "forecasted_sales": 88.54906531672987,
        "mae": 15.450934683270134,
        "mape": 14.85666796468282
    },
    {
        "forecast_date": "2024-02-09",
        "actual_sales": 122,
        "forecasted_sales": 113.220814497256,
        "mae": 8.779185502744,
        "mape": 7.19605369077377
    },
    {
        "forecast_date": "2024-02-10",
        "actual_sales": 165,
        "forecasted_sales": 137.29065558175512,
        "mae": 27.709344418244882,
        "mape": 16.793542071663563
    },
    {
        "forecast_date": "2024-02-11",
        "actual_sales": 158,
        "forecasted_sales": 138.54729233027953,
        "mae": 19.452707669720468,
        "mape": 12.311840297291434
    },
    {
        "forecast_date": "2024-02-12",
        "actual_sales": 119,
        "forecasted_sales": 143.8588985858608,
        "mae": 24.8588985858608,
        "mape": 20.88983074442084
    },
    {
        "forecast_date": "2024-02-13",
        "actual_sales": 116,
        "forecasted_sales": 140.92452532856683,
        "mae": 24.92452532856683,
        "mape": 21.48665976600589
    },
    {
        "forecast_date": "2024-02-14",
        "actual_sales": 102,
        "forecasted_sales": 141.19909183635846,
        "mae": 39.19909183635846,
        "mape": 38.4304821925083
    },
    {
        "forecast_date": "2024-02-15",
        "actual_sales": 111,
        "forecasted_sales": 116.19244214059073,
        "mae": 5.192442140590728,
        "mape": 4.67787580233399
    },
    {
        "forecast_date": "2024-02-16",
        "actual_sales": 114,
        "forecasted_sales": 142.07596742543956,
        "mae": 28.075967425439558,
        "mape": 24.62804160126277
    },
    {
        "forecast_date": "2024-02-17",
        "actual_sales": 169,
        "forecasted_sales": 144.07376949281402,
        "mae": 24.926230507185977,
        "mape": 14.749248820820105
    },
    {
        "forecast_date": "2024-02-18",
        "actual_sales": 160,
        "forecasted_sales": 122.0140123577103,
        "mae": 37.9859876422897,
        "mape": 23.741242276431063
    },
    {
        "forecast_date": "2024-02-19",
        "actual_sales": 99,
        "forecasted_sales": 124.55828760666176,
        "mae": 25.558287606661764,
        "mape": 25.816452127941176
    },
    {
        "forecast_date": "2024-02-20",
        "actual_sales": 124,
        "forecasted_sales": 88.38673276199205,
        "mae": 35.61326723800795,
        "mape": 28.72037680484512
    },
    {
        "forecast_date": "2024-02-21",
        "actual_sales": 115,
        "forecasted_sales": 119.03340198178574,
        "mae": 4.033401981785744,
        "mape": 3.5073060711180384
    },
    {
        "forecast_date": "2024-02-22",
        "actual_sales": 112,
        "forecasted_sales": 119.72399166850508,
        "mae": 7.723991668505079,
        "mape": 6.8964211325938205
    },
    {
        "forecast_date": "2024-02-23",
        "actual_sales": 127,
        "forecasted_sales": 149.69661178015605,
        "mae": 22.696611780156047,
        "mape": 17.87134785839059
    },
    {
        "forecast_date": "2024-02-24",
        "actual_sales": 168,
        "forecasted_sales": 165.90635822132361,
        "mae": 2.0936417786763855,
        "mape": 1.2462153444502295
    },
    {
        "forecast_date": "2024-02-25",
        "actual_sales": 167,
        "forecasted_sales": 117.30149815418683,
        "mae": 49.69850184581317,
        "mape": 29.7595819436007
    },
    {
        "forecast_date": "2024-02-26",
        "actual_sales": 110,
        "forecasted_sales": 124.97493201209461,
        "mae": 14.974932012094612,
        "mape": 13.613574556449649
    },
    {
        "forecast_date": "2024-02-27",
        "actual_sales": 174,
        "forecasted_sales": 108.04757575422987,
        "mae": 65.95242424577013,
        "mape": 37.903692095270195
    },
    {
        "forecast_date": "2024-02-28",
        "actual_sales": 124,
        "forecasted_sales": 213.71230244943322,
        "mae": 89.71230244943322,
        "mape": 72.34863100760744
    },
    {
        "forecast_date": "2024-02-29",
        "actual_sales": 132,
        "forecasted_sales": 162.72100933668108,
        "mae": 30.721009336681078,
        "mape": 23.27349192172809
    },
    {
        "forecast_date": "2024-03-01",
        "actual_sales": 114,
        "forecasted_sales": 191.0761622072326,
        "mae": 77.07616220723261,
        "mape": 67.61066860283562
    },
    {
        "forecast_date": "2024-03-02",
        "actual_sales": 154,
        "forecasted_sales": 147.2016000980057,
        "mae": 6.798399901994287,
        "mape": 4.414545390905381
    },
    {
        "forecast_date": "2024-03-03",
        "actual_sales": 143,
        "forecasted_sales": 78.45486228691539,
        "mae": 64.54513771308461,
        "mape": 45.13645993922001
    },
    {
        "forecast_date": "2024-03-04",
        "actual_sales": 106,
        "forecasted_sales": 67.9398386655171,
        "mae": 38.0601613344829,
        "mape": 35.90581257970085
    },
    {
        "forecast_date": "2024-03-05",
        "actual_sales": 130,
        "forecasted_sales": 72.62123666956757,
        "mae": 57.378763330432434,
        "mape": 44.1375102541788
    },
    {
        "forecast_date": "2024-03-06",
        "actual_sales": 136,
        "forecasted_sales": 104.2972623444203,
        "mae": 31.702737655579696,
        "mape": 23.31083651145566
    },
    {
        "forecast_date": "2024-03-07",
        "actual_sales": 119,
        "forecasted_sales": 148.18681962021893,
        "mae": 29.186819620218927,
        "mape": 24.526739176654562
    },
    {
        "forecast_date": "2024-03-08",
        "actual_sales": 132,
        "forecasted_sales": 174.09499839293943,
        "mae": 42.09499839293943,
        "mape": 31.890150297681387
    },
    {
        "forecast_date": "2024-03-09",
        "actual_sales": 160,
        "forecasted_sales": 181.69712847993887,
        "mae": 21.69712847993887,
        "mape": 13.560705299961793
    },
    {
        "forecast_date": "2024-03-10",
        "actual_sales": 148,
        "forecasted_sales": 139.01879194414224,
        "mae": 8.981208055857763,
        "mape": 6.068383821525516
    },
    {
        "forecast_date": "2024-03-11",
        "actual_sales": 124,
        "forecasted_sales": 136.3938095916893,
        "mae": 12.39380959168929,
        "mape": 9.9950077352333
    },
    {
        "forecast_date": "2024-03-12",
        "actual_sales": 138,
        "forecasted_sales": 137.05690637531873,
        "mae": 0.9430936246812678,
        "mape": 0.6834011773052665
    },
    {
        "forecast_date": "2024-03-13",
        "actual_sales": 120,
        "forecasted_sales": 150.408534859307,
        "mae": 30.408534859306997,
        "mape": 25.340445716089167
    },
    {
        "forecast_date": "2024-03-14",
        "actual_sales": 139,
        "forecasted_sales": 133.7758754409025,
        "mae": 5.224124559097504,
        "mape": 3.758362992156478
    },
    {
        "forecast_date": "2024-03-15",
        "actual_sales": 89,
        "forecasted_sales": 179.19981033433757,
        "mae": 90.19981033433757,
        "mape": 101.3481014992557
    },
    {
        "forecast_date": "2024-03-16",
        "actual_sales": 166,
        "forecasted_sales": 104.78762632257138,
        "mae": 61.212373677428616,
        "mape": 36.87492390206543
    },
    {
        "forecast_date": "2024-03-17",
        "actual_sales": 157,
        "forecasted_sales": 102.0063653181555,
        "mae": 54.9936346818445,
        "mape": 35.02779279098376
    },
    {
        "forecast_date": "2024-03-18",
        "actual_sales": 116,
        "forecasted_sales": 117.27731904741015,
        "mae": 1.2773190474101455,
        "mape": 1.1011371098363323
    },
    {
        "forecast_date": "2024-03-19",
        "actual_sales": 121,
        "forecasted_sales": 110.21970334130056,
        "mae": 10.780296658699442,
        "mape": 8.909336081569787
    },
    {
        "forecast_date": "2024-03-20",
        "actual_sales": 96,
        "forecasted_sales": 108.10628735879764,
        "mae": 12.106287358797644,
        "mape": 12.610715998747546
    },
    {
        "forecast_date": "2024-03-21",
        "actual_sales": 117,
        "forecasted_sales": 81.0616872437882,
        "mae": 35.9383127562118,
        "mape": 30.716506629240854
    },
    {
        "forecast_date": "2024-03-22",
        "actual_sales": 124,
        "forecasted_sales": 128.3747041551829,
        "mae": 4.374704155182911,
        "mape": 3.527987221921703
    },
    {
        "forecast_date": "2024-03-23",
        "actual_sales": 174,
        "forecasted_sales": 145.87167313383137,
        "mae": 28.128326866168635,
        "mape": 16.165705095499217
    },
    {
        "forecast_date": "2024-03-24",
        "actual_sales": 150,
        "forecasted_sales": 131.0916883800964,
        "mae": 18.9083116199036,
        "mape": 12.605541079935733
    },
    {
        "forecast_date": "2024-03-25",
        "actual_sales": 110,
        "forecasted_sales": 133.12376178365977,
        "mae": 23.123761783659774,
        "mape": 21.021601621508886
    },
    {
        "forecast_date": "2024-03-26",
        "actual_sales": 114,
        "forecasted_sales": 115.88302226477526,
        "mae": 1.8830222647752635,
        "mape": 1.6517739164695293
    },
    {
        "forecast_date": "2024-03-27",
        "actual_sales": 131,
        "forecasted_sales": 110.7642538126612,
        "mae": 20.235746187338805,
        "mape": 15.44713449415176
    },
    {
        "forecast_date": "2024-03-28",
        "actual_sales": 124,
        "forecasted_sales": 128.31352469099912,
        "mae": 4.313524690999117,
        "mape": 3.478648944354126
    },
    {
        "forecast_date": "2024-03-29",
        "actual_sales": 114,
        "forecasted_sales": 173.59803122557545,
        "mae": 59.598031225575454,
        "mape": 52.27897475927672
    },
    {
        "forecast_date": "2024-03-30",
        "actual_sales": 162,
        "forecasted_sales": 155.6733355869837,
        "mae": 6.326664413016289,
        "mape": 3.9053484030964745
    },
    {
        "forecast_date": "2024-03-31",
        "actual_sales": 157,
        "forecasted_sales": 117.55972058497444,
        "mae": 39.44027941502556,
        "mape": 25.12119707963411
    },
    {
        "forecast_date": "2024-04-01",
        "actual_sales": 132,
        "forecasted_sales": 130.52041054197923,
        "mae": 1.4795894580207687,
        "mape": 1.1209011045611883
    },
    {
        "forecast_date": "2024-04-02",
        "actual_sales": 112,
        "forecasted_sales": 139.78809071352723,
        "mae": 27.788090713527225,
        "mape": 24.81079527993502
    },
    {
        "forecast_date": "2024-04-03",
        "actual_sales": 116,
        "forecasted_sales": 119.7049077357807,
        "mae": 3.7049077357806937,
        "mape": 3.1938859791212875
    },
    {
        "forecast_date": "2024-04-04",
        "actual_sales": 115,
        "forecasted_sales": 113.14433584908232,
        "mae": 1.8556641509176757,
        "mape": 1.6136210007979788
    },
    {
        "forecast_date": "2024-04-05",
        "actual_sales": 102,
        "forecasted_sales": 145.09270427617253,
        "mae": 43.092704276172526,
        "mape": 42.24774929036522
    },
    {
        "forecast_date": "2024-04-06",
        "actual_sales": 160,
        "forecasted_sales": 123.76960962471944,
        "mae": 36.230390375280564,
        "mape": 22.643993984550352
    },
    {
        "forecast_date": "2024-04-07",
        "actual_sales": 159,
        "forecasted_sales": 101.61870011761908,
        "mae": 57.381299882380915,
        "mape": 36.08886785055404
    },
    {
        "forecast_date": "2024-04-08",
        "actual_sales": 120,
        "forecasted_sales": 125.13533155668608,
        "mae": 5.135331556686083,
        "mape": 4.279442963905069
    },
    {
        "forecast_date": "2024-04-09",
        "actual_sales": 117,
        "forecasted_sales": 126.63655219688609,
        "mae": 9.636552196886086,
        "mape": 8.236369399047936
    }
]